@misc{new_ref_1,
  author = {Illinois Extension},
  title = {Denitrifying Bioreactors},
  year = {2023},
  howpublished = {\url{https://extension.illinois.edu/blogs/good-growing/2023-03-23-denitrifying-bioreactors}},
}
@article{new_ref_2,
  author = {Hakam, A. and others},
  title = {A review on the effects of woodchip properties on nitrate removal in denitrifying bioreactors},
  journal = {Journal of Environmental Management},
  volume = {301},
  pages = {113899},
  year = {2022},
}
@article{new_ref_4,
    author = {Abusallout, I. and others},
    title = {Performance of Different Wood Species as Media for Denitrifying Bioreactors},
    journal = {Journal of Environmental Quality},
    volume = {46},
    number = {3},
    pages = {535-543},
    year = {2017},
}
@article{RN625,
    author = {Schipper, L. A. and others},
    title = {Denitrifying bioreactors: An approach for reducing nitrate loads to receiving waters},
    journal = {Ecological Engineering},
    volume = {36},
    number = {11},
    pages = {1532-1543},
    year = {2010},
}
@misc{RN1181,
   author = {Christianson, L. E. and Moghaddam, R. and Helmers, M. J. and Pederson, C. H. and Christianson, R. D. and Bhandari, A.},
   title = {Edge-of-field bioreactor N2O emissions were 3.3-fold lower than IPCC estimates},
   journal = {Journal of Environmental Quality},
   volume = {52},
   number = {1},
   pages = {163-174},
   year = {2023},
   doi = {10.1002/jeq2.20439}
}
@article{RN310,
   author = {Christianson, L. and Schipper, L.},
   title = {Moving denitrifying bioreactors beyond the research realm to achieve nutrient reduction goals},
   journal = {Ecological Engineering},
   volume = {97},
   pages = {615-623},
   year = {2016},
   doi = {10.1016/j.ecoleng.2016.10.063}
}
@article{RN312,
   author = {Christianson, L. E. and Tyndall, J. C. and Helmers, M. J.},
   title = {A practice-based approach to targeting of agricultural conservation in the U.S. Midwest},
   journal = {Journal of Soil and Water Conservation},
   volume = {71},
   number = {5},
   pages = {128A-135A},
   year = {2016},
   doi = {10.2489/jswc.71.5.128A}
}
@article{RN242,
   author = {Halaburka, B. J. and Christianson, L. E. and Machesky, M. L. and Zumpf, C. R. and Christianson, R. D. and Herbert, S. K.},
   title = {Simplified Arrhenius-type model for temperature dependence of nitrate removal and dissolved organic carbon production in woodchip bioreactors},
   journal = {Journal of Environmental Quality},
   volume = {46},
   number = {5},
   pages = {1073-1080},
   year = {2017},
   doi = {10.2134/jeq2017.03.0111}
}
@article{RN629,
  title={Nitrate removal from septic system effluent using a woodchip filter},
  author={Robertson, W. D.},
  journal={Transactions of the ASAE},
  volume={43},
  number={1},
  pages={111},
  year={2000},
  publisher={American Society of Agricultural and Biological Engineers}
}
@article{RN228,
	doi = {10.1002/jeq2.20151},
	url = {https://doi.org/10.1002%2Fjeq2.20151},
	year = {2020},
	month = {sep},
	publisher = {Wiley},
	volume = {49},
	number = {6},
	pages = {1766--1777},
	author = {B. M. Maxwell and C. R. Zumpf and L. E. Christianson and M. L. Machesky and S. D. Armstrong and R. D. Christianson},
	title = {Temperature and drying-rewetting effects on woodchip bioreactor nitrate removal and nitrogen gas production},
	journal = {Journal of Environmental Quality}
}
@misc{RN258,
   author = {Christianson, L. E. and Moghaddam, R. and Helmers, M. J. and Pederson, C. H. and Christianson, R. D. and Bhandari, A.},
   title = {Temperature sensitivity of denitrifying bioreactors: A global review},
   journal = {Journal of Environmental Quality},
   volume = {52},
   number = {1},
   pages = {1-15},
   year = {2023},
   doi = {10.1002/jeq2.20438}
}
@misc{RN309,
   author = {Christianson, L. E. and Kadas, G. and McIsaac, G. F. and Christianson, R. D.},
   title = {Hydraulic performance of a woodchip bioreactor with and without baffles for treating agricultural drainage},
   journal = {Water},
   volume = {8},
   number = {10},
   pages = {429},
   year = {2016},
   doi = {10.3390/w8100429}
}
@misc{RN725,
   author = {Obuekwe, C. O. and Westlake, D. W. S. and Cook, F. D. and Costerton, J. W.},
   title = {Effect of nitrate on the microbial degradation of crude oil},
   journal = {Canadian Journal of Microbiology},
   volume = {27},
   number = {7},
   pages = {692-697},
   year = {1981},
   doi = {10.1139/m81-107}
}